/home/kishiyama/home/lecture/project2018/mcp-npi/share/ref.bib